<record><leader>00000cas a22000007a 4500</leader><controlfield tag="001">27478873</controlfield><controlfield tag="008">930222d18401844ctuwr ne      0    0eng d</controlfield><datafield ind1=" " ind2=" " tag="010"><subfield code="a">sn 93053762 </subfield></datafield><datafield ind1=" " ind2=" " tag="040"><subfield code="a">CNW</subfield><subfield code="b">eng</subfield><subfield code="c">CNW</subfield><subfield code="d">DLC</subfield><subfield code="d">CNW</subfield><subfield code="d">MGN</subfield><subfield code="d">CNW</subfield><subfield code="d">OCL</subfield><subfield code="d">CNW</subfield><subfield code="d">OCLCQ</subfield><subfield code="d">OCLCF</subfield><subfield code="d">OCLCO</subfield></datafield><datafield ind1="1" ind2=" " tag="029"><subfield code="a">AU@</subfield><subfield code="b">000020132566</subfield></datafield><datafield ind1=" " ind2=" " tag="042"><subfield code="a">msc</subfield></datafield><datafield ind1=" " ind2=" " tag="043"><subfield code="a">n-us-ct</subfield></datafield><datafield ind1="0" ind2="0" tag="050"><subfield code="a">Newspaper 7225-X</subfield></datafield><datafield ind1="0" ind2="0" tag="245"><subfield code="a">New-London gazette &amp; advertiser.</subfield></datafield><datafield ind1="3" ind2="0" tag="246"><subfield code="a">New London gazette and advertiser</subfield></datafield><datafield ind1="3" ind2="0" tag="246"><subfield code="a">Gazette and advertiser</subfield></datafield><datafield ind1=" " ind2=" " tag="260"><subfield code="a">New-London [Conn.] :</subfield><subfield code="b">S.H. Green</subfield></datafield><datafield ind1=" " ind2=" " tag="300"><subfield code="a">v.</subfield></datafield><datafield ind1=" " ind2=" " tag="310"><subfield code="a">Weekly</subfield></datafield><datafield ind1="1" ind2=" " tag="362"><subfield code="a">Began in 1840; ceased in 1844.</subfield></datafield><datafield ind1=" " ind2=" " tag="500"><subfield code="a">Publisher: A.G. Seaman, Jan. 1841-&lt;1843&gt;; Trench &amp; Concklin, &lt;Mar. 29, 1843&gt;-1844.</subfield></datafield><datafield ind1=" " ind2=" " tag="530"><subfield code="a">Available on microfilm from Connecticut Historical Society, Hartford, Conn.</subfield></datafield><datafield ind1=" " ind2=" " tag="530"><subfield code="a">Also issued on microfilm from Connecticut State Library, Hartford, CT.</subfield></datafield><datafield ind1=" " ind2=" " tag="588"><subfield code="a">Description based on: Vol. 77, no. 3991 (May 13, 1840).</subfield></datafield><datafield ind1=" " ind2="0" tag="651"><subfield code="a">New London (Conn.)</subfield><subfield code="v">Newspapers.</subfield></datafield><datafield ind1=" " ind2="7" tag="655"><subfield code="a">Newspapers.</subfield><subfield code="2">fast</subfield><subfield code="0">(OCoLC)fst01423814</subfield></datafield><datafield ind1=" " ind2="7" tag="651"><subfield code="a">Connecticut</subfield><subfield code="z">New London.</subfield><subfield code="2">fast</subfield><subfield code="0">(OCoLC)fst01205494</subfield></datafield><datafield ind1="1" ind2=" " tag="700"><subfield code="a">Green, Samuel H.</subfield></datafield><datafield ind1="1" ind2=" " tag="700"><subfield code="a">Seaman, Albert G.</subfield></datafield><datafield ind1=" " ind2=" " tag="752"><subfield code="a">United States</subfield><subfield code="b">Connecticut</subfield><subfield code="c">New London</subfield><subfield code="d">New London.</subfield></datafield><datafield ind1="0" ind2="0" tag="780"><subfield code="t">New-London gazette, and general advertiser</subfield><subfield code="w">(DLC)sn 82016451</subfield><subfield code="w">(OCoLC)9337879</subfield></datafield></record>